@article{Benoit-Daigle-2004,
	author = {Beno√Æt, H.P. and Daigle, D.},
	title = {},
  journal   = {Can. Tech. Rep. Fish. Aquat. Sci.},
	year = {2004},
  volume = 	 {xxxx},
  pages = {iv + xxx~p}
}


