@article{Ricard-etal-Andes-2024,
  title = {Design goals, technical implementation and practical use of another data entry system ({A}ndes)},
  author = {Ricard, Daniel and Fishman, David and Beazley, Lindsay and Boivin, Brian and Emberley, Jamie and Martin, Ryan and Rolland, Nicolas and Sean-Fortin, David and Stoyel, Quentin and Vergara, Pablo},
  journal = {Canadian Technical Report of Fisheries and Aquatic Sciences},
  year = {2024},
  volume = {3621},
  pages = {vi + 48 p},
  url = {https://publications.gc.ca/site/eng/9.939271/publication.html}
}
